<?xml version="1.0" encoding="UTF-8"?><record xmlns="http://www.loc.gov/MARC21/slim" xmlns:cinclude="http://apache.org/cocoon/include/1.0" xmlns:zs="http://www.loc.gov/zing/srw/">
  <leader>00503nz  a2200133n  4500</leader>
  <controlfield tag="001">n  92098550 </controlfield>
  <controlfield tag="003">DLC</controlfield>
  <controlfield tag="005">19930303081157.8</controlfield>
  <controlfield tag="008">921002n| acannaab|          |a aaa |||  </controlfield>
  <datafield tag="010" ind1=" " ind2=" ">
    <subfield code="a">n  92098550 </subfield>
  </datafield>
  <datafield tag="040" ind1=" " ind2=" ">
    <subfield code="a">DLC</subfield>
    <subfield code="c">DLC</subfield>
  </datafield>
  <datafield tag="100" ind1="1" ind2="0">
    <subfield code="a">Annenkov, I︠U︡riĭ.</subfield>
    <subfield code="t">Skazanie o cheshskom svi︠a︡tom Ioanne Nepomuke</subfield>
  </datafield>
  <datafield tag="400" ind1="1" ind2="0">
    <subfield code="a">Annenkov, I︠U︡riĭ.</subfield>
    <subfield code="t">Skazanīe o cheshskom svi︠a︡tom Īoanni︠e︡ Nepomuki︠e︡</subfield>
  </datafield>
  <datafield tag="670" ind1=" " ind2=" ">
    <subfield code="a">His Skazanīe o cheshskom svi︠a︡tom Īoanni︠e︡ Nepomuki︠e︡, 1877.</subfield>
  </datafield>
</record>